@article{Peebles,
author = {P. J. E. Peebles},
title = {Tracing galaxy orbits back in time},
journaltitle = {The Astrophysical Journal, 344},
year = {1989}
}

@article{mohayaee,
  author          = {Mohayeaee},
  title           = {Back to the primordial Universe by a Monge–Ampere–Kantorovich optimization scheme},
  journaltitle    = {AstronomyAstrophysics},
  year            = {2003}
}
